<?xml version="1.0" encoding="UTF-8"?>
<ser:voyagerServiceData xmlns:ser="http://www.endinfosys.com/Voyager/serviceParameters"><ser:serviceData xsi:type="hol:holdingsCollectionType" xmlns:hol="http://www.endinfosys.com/Voyager/holdings" xmlns:xsi="http://www.w3.org/2001/XMLSchema-instance"><hol:holdingsRecord><hol:bibRecord bibId="7515838" dpsFlag="N"><hol:marcRecord><slim:leader xmlns:slim="http://www.loc.gov/MARC21/slim">01528cam a22004094a 4500</slim:leader><slim:controlfield tag="001" xmlns:slim="http://www.loc.gov/MARC21/slim">7515838</slim:controlfield><slim:controlfield tag="005" xmlns:slim="http://www.loc.gov/MARC21/slim">20100814232103.0</slim:controlfield><slim:controlfield tag="008" xmlns:slim="http://www.loc.gov/MARC21/slim">091130m20099999it a     b    001 0 ita c</slim:controlfield><slim:datafield ind2=" " ind1=" " tag="020" xmlns:slim="http://www.loc.gov/MARC21/slim"><slim:subfield code="a">9788822259073</slim:subfield></slim:datafield><slim:datafield ind2=" " ind1=" " tag="020" xmlns:slim="http://www.loc.gov/MARC21/slim"><slim:subfield code="a">8822259076</slim:subfield></slim:datafield><slim:datafield ind2=" " ind1="0" tag="029" xmlns:slim="http://www.loc.gov/MARC21/slim"><slim:subfield code="a">C3L</slim:subfield><slim:subfield code="b">09417141</slim:subfield></slim:datafield><slim:datafield ind2=" " ind1=" " tag="035" xmlns:slim="http://www.loc.gov/MARC21/slim"><slim:subfield code="a">(OCoLC)468975235</slim:subfield></slim:datafield><slim:datafield ind2=" " ind1=" " tag="035" xmlns:slim="http://www.loc.gov/MARC21/slim"><slim:subfield code="a">(OCoLC)ocn468975235</slim:subfield></slim:datafield><slim:datafield ind2=" " ind1=" " tag="035" xmlns:slim="http://www.loc.gov/MARC21/slim"><slim:subfield code="a">(NNC)7515838</slim:subfield></slim:datafield><slim:datafield ind2=" " ind1=" " tag="040" xmlns:slim="http://www.loc.gov/MARC21/slim"><slim:subfield code="a">C3L</slim:subfield><slim:subfield code="c">C3L</slim:subfield><slim:subfield code="d">CGU</slim:subfield><slim:subfield code="d">NNC</slim:subfield></slim:datafield><slim:datafield ind2=" " ind1="0" tag="041" xmlns:slim="http://www.loc.gov/MARC21/slim"><slim:subfield code="a">ita</slim:subfield><slim:subfield code="a">eng</slim:subfield></slim:datafield><slim:datafield ind2=" " ind1=" " tag="042" xmlns:slim="http://www.loc.gov/MARC21/slim"><slim:subfield code="a">pcc</slim:subfield></slim:datafield><slim:datafield ind2=" " ind1=" " tag="043" xmlns:slim="http://www.loc.gov/MARC21/slim"><slim:subfield code="a">e-it---</slim:subfield></slim:datafield><slim:datafield ind2=" " ind1=" " tag="045" xmlns:slim="http://www.loc.gov/MARC21/slim"><slim:subfield code="a">t0u9</slim:subfield></slim:datafield><slim:datafield ind2="4" ind1=" " tag="050" xmlns:slim="http://www.loc.gov/MARC21/slim"><slim:subfield code="a">NA1111</slim:subfield><slim:subfield code="b">.S344 2009</slim:subfield></slim:datafield><slim:datafield ind2="4" ind1="1" tag="082" xmlns:slim="http://www.loc.gov/MARC21/slim"><slim:subfield code="a">720</slim:subfield><slim:subfield code="2">21</slim:subfield></slim:datafield><slim:datafield ind2="0" ind1="0" tag="245" xmlns:slim="http://www.loc.gov/MARC21/slim"><slim:subfield code="a">Saggi di letteratura architettonica da Vitruvio a Winckelmann.</slim:subfield></slim:datafield><slim:datafield ind2=" " ind1=" " tag="260" xmlns:slim="http://www.loc.gov/MARC21/slim"><slim:subfield code="a">Firenze :</slim:subfield><slim:subfield code="b">L. S. Olschki,</slim:subfield><slim:subfield code="c">2009-</slim:subfield></slim:datafield><slim:datafield ind2=" " ind1=" " tag="300" xmlns:slim="http://www.loc.gov/MARC21/slim"><slim:subfield code="a">v. :</slim:subfield><slim:subfield code="b">ill. (some col.) ;</slim:subfield><slim:subfield code="c">24 cm.</slim:subfield></slim:datafield><slim:datafield ind2=" " ind1="1" tag="490" xmlns:slim="http://www.loc.gov/MARC21/slim"><slim:subfield code="a">Biblioteca dell'Archivum Romanicum. Serie I, Storia, letteratura, paleografia ;</slim:subfield><slim:subfield code="v">360, 369</slim:subfield></slim:datafield><slim:datafield ind2=" " ind1=" " tag="504" xmlns:slim="http://www.loc.gov/MARC21/slim"><slim:subfield code="a">Includes bibliographical references.</slim:subfield></slim:datafield><slim:datafield ind2=" " ind1="1" tag="505" xmlns:slim="http://www.loc.gov/MARC21/slim"><slim:subfield code="a">1. a cura di Francesco Paolo Di Teodoro -- 2. a cura di Lucia Bertolini -- a cura di  Howard Burns, Francesco Paolo Di Teodoro e Giorgio Bacci</slim:subfield></slim:datafield><slim:datafield ind2="0" ind1=" " tag="650" xmlns:slim="http://www.loc.gov/MARC21/slim"><slim:subfield code="a">Architecture</slim:subfield><slim:subfield code="z">Italy</slim:subfield><slim:subfield code="x">History.</slim:subfield></slim:datafield><slim:datafield ind2="0" ind1=" " tag="650" xmlns:slim="http://www.loc.gov/MARC21/slim"><slim:subfield code="a">Communication in architecture</slim:subfield><slim:subfield code="x">History.</slim:subfield></slim:datafield><slim:datafield ind2="0" ind1=" " tag="650" xmlns:slim="http://www.loc.gov/MARC21/slim"><slim:subfield code="a">Architectural historians</slim:subfield><slim:subfield code="z">Italy.</slim:subfield></slim:datafield><slim:datafield ind2=" " ind1="1" tag="700" xmlns:slim="http://www.loc.gov/MARC21/slim"><slim:subfield code="a">Di Teodoro, Francesco P.</slim:subfield><slim:subfield code="q">(Francesco Paolo),</slim:subfield><slim:subfield code="d">1953-</slim:subfield></slim:datafield><slim:datafield ind2=" " ind1="1" tag="700" xmlns:slim="http://www.loc.gov/MARC21/slim"><slim:subfield code="a">Bertolini, Lucia.</slim:subfield></slim:datafield><slim:datafield ind2="0" ind1=" " tag="830" xmlns:slim="http://www.loc.gov/MARC21/slim"><slim:subfield code="a">Biblioteca dell'"Archivum Romanicum."</slim:subfield><slim:subfield code="n">Serie I,</slim:subfield><slim:subfield code="p">Storia, letteratura, paleografia ;</slim:subfield><slim:subfield code="v">v. 360, 369.</slim:subfield></slim:datafield><slim:datafield ind2="2" ind1="4" tag="856" xmlns:slim="http://www.loc.gov/MARC21/slim"><slim:subfield code="u">http://www.ilibri.casalini.it/toc/0941715X.pdf</slim:subfield><slim:subfield code="3">TOC</slim:subfield></slim:datafield><slim:datafield ind2=" " ind1=" " tag="900" xmlns:slim="http://www.loc.gov/MARC21/slim"><slim:subfield code="a">AUTH</slim:subfield></slim:datafield><slim:datafield ind2=" " ind1="1" tag="948" xmlns:slim="http://www.loc.gov/MARC21/slim"><slim:subfield code="a">20100108</slim:subfield><slim:subfield code="b">c</slim:subfield><slim:subfield code="c">rhg9</slim:subfield><slim:subfield code="d">SCMC</slim:subfield></slim:datafield><slim:datafield ind2=" " ind1="2" tag="948" xmlns:slim="http://www.loc.gov/MARC21/slim"><slim:subfield code="a">20100302</slim:subfield><slim:subfield code="b">a</slim:subfield><slim:subfield code="c">fra1</slim:subfield><slim:subfield code="d">SCMC</slim:subfield></slim:datafield></hol:marcRecord><hol:bibData name="databaseCode">LOCAL</hol:bibData><hol:bibData name="databaseName">Local Database</hol:bibData><hol:bibData name="createDate">2009-12-07 06:30:10</hol:bibData><hol:bibData name="updateDate">2010-08-14 23:21:03</hol:bibData><hol:bibData name="suppressInOpac" xsi:nil="true"/><hol:bibData name="exportOK">N</hol:bibData><hol:bibData name="exportOKDate" xsi:nil="true"/><hol:bibData name="exportOperatorId" xsi:nil="true"/><hol:bibData name="createLocation" xsi:nil="true"/><hol:bibData name="updateLocation" xsi:nil="true"/><hol:bibData name="exportOKLocation" xsi:nil="true"/><hol:bibData name="owningLibrary" id="1">COLUMBIA</hol:bibData></hol:bibRecord><hol:mfhdCollection><mfhd:mfhdRecord bibId="7515838" mfhdId="10788103" xmlns:mfhd="http://www.endinfosys.com/Voyager/mfhd"><mfhd:marcRecord><slim:leader xmlns:slim="http://www.loc.gov/MARC21/slim">00230cv  a22001094  4500</slim:leader><slim:controlfield tag="001" xmlns:slim="http://www.loc.gov/MARC21/slim">10788103</slim:controlfield><slim:controlfield tag="004" xmlns:slim="http://www.loc.gov/MARC21/slim">7515838</slim:controlfield><slim:controlfield tag="005" xmlns:slim="http://www.loc.gov/MARC21/slim">20100520141134.0</slim:controlfield><slim:controlfield tag="008" xmlns:slim="http://www.loc.gov/MARC21/slim">1002194p    8   2001aa   0901128</slim:controlfield><slim:datafield ind2="1" ind1="0" tag="852" xmlns:slim="http://www.loc.gov/MARC21/slim"><slim:subfield code="b">glx</slim:subfield><slim:subfield code="h">NA1111</slim:subfield><slim:subfield code="i">.S344 2009g</slim:subfield></slim:datafield><slim:datafield ind2="1" ind1="4" tag="866" xmlns:slim="http://www.loc.gov/MARC21/slim"><slim:subfield code="8">0</slim:subfield><slim:subfield code="a">1-2</slim:subfield></slim:datafield><slim:datafield ind2=" " ind1=" " tag="900" xmlns:slim="http://www.loc.gov/MARC21/slim"><slim:subfield code="a">$ACG6040</slim:subfield></slim:datafield></mfhd:marcRecord><mfhd:mfhdData name="databaseCode">LOCAL</mfhd:mfhdData><mfhd:mfhdData name="databaseName">Local Database</mfhd:mfhdData><mfhd:mfhdData name="mfhdStubFlag">0</mfhd:mfhdData><mfhd:mfhdData name="createOperatorId">mjg2123</mfhd:mfhdData><mfhd:mfhdData name="updateOperatorId">dm820</mfhd:mfhdData><mfhd:mfhdData name="createDate">2010-02-19 16:12:54</mfhd:mfhdData><mfhd:mfhdData name="updateDate">2010-05-20 14:11:35</mfhd:mfhdData><mfhd:mfhdData name="createLocation">CATCUL</mfhd:mfhdData><mfhd:mfhdData name="updateLocation">CATCUL</mfhd:mfhdData><mfhd:mfhdData name="suppressInOpac" xsi:nil="true"/><mfhd:mfhdData name="exportOK">N</mfhd:mfhdData><mfhd:mfhdData name="sourceModule">C</mfhd:mfhdData><mfhd:mfhdData name="callNumber">NA1111 .S344 2009g</mfhd:mfhdData><mfhd:mfhdData name="locationCode" id="143">glx</mfhd:mfhdData><mfhd:mfhdData name="locationName" xsi:nil="true"/><mfhd:mfhdData name="locationDisplayName">Butler Stacks (Enter at the Butler Circulation Desk)</mfhd:mfhdData><mfhd:mfhdData name="locationSpineLabel">BUTLSTAX</mfhd:mfhdData><mfhd:mfhdData name="owningLibrary" id="1">COLUMBIA</mfhd:mfhdData><mfhd:itemCollection><item:itemCount xmlns:item="http://www.endinfosys.com/Voyager/item">2</item:itemCount><item:itemRecord xmlns:item="http://www.endinfosys.com/Voyager/item"><item:itemData name="statusCode">1</item:itemData><item:itemData name="statusDate" xsi:nil="true"/><item:itemData name="holdLocation" xsi:nil="true"/><item:itemData name="requestCount">0</item:itemData><item:itemData name="patronGroupCode" xsi:nil="true"/><item:itemData name="lastName" xsi:nil="true"/><item:itemData name="firstName" xsi:nil="true"/><item:itemData name="todaysDate">2010-08-17 11:50:18</item:itemData><item:itemData name="enumeration" xsi:nil="true"/><item:itemData name="chronology" xsi:nil="true"/><item:itemData name="year" xsi:nil="true"/><item:itemData name="caption" xsi:nil="true"/><item:itemData name="text" xsi:nil="true"/><item:itemData name="copyNumber" xsi:nil="true"/></item:itemRecord><item:itemLocation xmlns:item="http://www.endinfosys.com/Voyager/item"><item:itemLocationData name="tmpLoc" xsi:nil="true"/><item:itemLocationData name="tempLocation">Butler Stacks (Enter at the Butler Circulation Desk)</item:itemLocationData><item:itemLocationData name="itemEnum" xsi:nil="true"/><item:itemLocationData name="itemChron" xsi:nil="true"/><item:itemLocationData name="itemYear" xsi:nil="true"/><item:itemLocationData name="itemCaption" xsi:nil="true"/><item:itemLocationData name="itemFreeText" xsi:nil="true"/><item:itemLocationData name="itemCopyNumber" xsi:nil="true"/></item:itemLocation></mfhd:itemCollection></mfhd:mfhdRecord><mfhd:mfhdRecord bibId="7515838" mfhdId="10643711" xmlns:mfhd="http://www.endinfosys.com/Voyager/mfhd"><mfhd:marcRecord><slim:leader xmlns:slim="http://www.loc.gov/MARC21/slim">00204cv  a22000974  4500</slim:leader><slim:controlfield tag="001" xmlns:slim="http://www.loc.gov/MARC21/slim">10643711</slim:controlfield><slim:controlfield tag="004" xmlns:slim="http://www.loc.gov/MARC21/slim">7515838</slim:controlfield><slim:controlfield tag="005" xmlns:slim="http://www.loc.gov/MARC21/slim">20100728152556.0</slim:controlfield><slim:controlfield tag="008" xmlns:slim="http://www.loc.gov/MARC21/slim">1001064p    8   2001aa   0000000</slim:controlfield><slim:datafield ind2="1" ind1="8" tag="852" xmlns:slim="http://www.loc.gov/MARC21/slim"><slim:subfield code="b">off,ave</slim:subfield><slim:subfield code="h">AA2500</slim:subfield><slim:subfield code="i">Sa18</slim:subfield></slim:datafield><slim:datafield ind2="1" ind1="4" tag="866" xmlns:slim="http://www.loc.gov/MARC21/slim"><slim:subfield code="8">0</slim:subfield><slim:subfield code="a">v.1-3</slim:subfield></slim:datafield></mfhd:marcRecord><mfhd:mfhdData name="databaseCode">LOCAL</mfhd:mfhdData><mfhd:mfhdData name="databaseName">Local Database</mfhd:mfhdData><mfhd:mfhdData name="mfhdStubFlag">0</mfhd:mfhdData><mfhd:mfhdData name="createOperatorId">(SYS: ACQ)</mfhd:mfhdData><mfhd:mfhdData name="updateOperatorId">fra1</mfhd:mfhdData><mfhd:mfhdData name="createDate">2010-01-06 12:03:21</mfhd:mfhdData><mfhd:mfhdData name="updateDate">2010-07-28 15:25:56</mfhd:mfhdData><mfhd:mfhdData name="createLocation" xsi:nil="true"/><mfhd:mfhdData name="updateLocation">CATCUL</mfhd:mfhdData><mfhd:mfhdData name="suppressInOpac" xsi:nil="true"/><mfhd:mfhdData name="exportOK">N</mfhd:mfhdData><mfhd:mfhdData name="sourceModule">C</mfhd:mfhdData><mfhd:mfhdData name="callNumber">AA2500 Sa18</mfhd:mfhdData><mfhd:mfhdData name="locationCode" id="278">off,ave</mfhd:mfhdData><mfhd:mfhdData name="locationName" xsi:nil="true"/><mfhd:mfhdData name="locationDisplayName">Offsite &lt;Avery> (Non-Circulating) Place Request for delivery</mfhd:mfhdData><mfhd:mfhdData name="locationSpineLabel">OFFSITE AVERY</mfhd:mfhdData><mfhd:mfhdData name="owningLibrary" id="1">COLUMBIA</mfhd:mfhdData><mfhd:itemCollection><item:itemCount xmlns:item="http://www.endinfosys.com/Voyager/item">3</item:itemCount><item:itemRecord xmlns:item="http://www.endinfosys.com/Voyager/item"><item:itemData name="statusCode">2</item:itemData><item:itemData name="statusDate">2382-12-31 23:59:00</item:itemData><item:itemData name="holdLocation" xsi:nil="true"/><item:itemData name="requestCount">0</item:itemData><item:itemData name="patronGroupCode">IND       </item:itemData><item:itemData name="lastName">In Shelf Preparation. Try    </item:itemData><item:itemData name="firstName">BorrowDirect or ILL</item:itemData><item:itemData name="todaysDate">2010-08-17 11:50:18</item:itemData><item:itemData name="enumeration">v.3</item:itemData><item:itemData name="chronology" xsi:nil="true"/><item:itemData name="year" xsi:nil="true"/><item:itemData name="caption" xsi:nil="true"/><item:itemData name="text" xsi:nil="true"/><item:itemData name="copyNumber" xsi:nil="true"/></item:itemRecord><item:itemLocation xmlns:item="http://www.endinfosys.com/Voyager/item"><item:itemLocationData name="tmpLoc" xsi:nil="true"/><item:itemLocationData name="tempLocation">Offsite &lt;Avery> (Non-Circulating) Place Request for delivery</item:itemLocationData><item:itemLocationData name="itemEnum" xsi:nil="true"/><item:itemLocationData name="itemChron" xsi:nil="true"/><item:itemLocationData name="itemYear" xsi:nil="true"/><item:itemLocationData name="itemCaption" xsi:nil="true"/><item:itemLocationData name="itemFreeText" xsi:nil="true"/><item:itemLocationData name="itemCopyNumber" xsi:nil="true"/></item:itemLocation></mfhd:itemCollection></mfhd:mfhdRecord></hol:mfhdCollection></hol:holdingsRecord></ser:serviceData></ser:voyagerServiceData>